% Encoding: UTF-8


@Article{agostini_pof_14,
  Title                    = {{On the influence of outer large-scale structures on near-wall turbulence in channel flow}},
  Author                   = {Agostini, L. and Leschziner, M. A.},
  Journal                  = {Physics of Fluids},
  Year                     = {2014},
  Volume                   = {26},

  Owner                    = {ahsan},
  Timestamp                = {2015.12.07}
}

@Article{andren_brown_qjrm_94,
  author    = {Andren, A. and Brown, A. R. and Graf, J. and Mason, P. J. and Moeng, C.H. and Nieuwstadt, F. T. M. and Schumann, U.},
  title     = {{Large-eddy simulation of a neutrally stratified boundary layer: a comparison of four computer codes}},
  journal   = {Quarterly Journal of the Royal Meteorological Society},
  year      = {1994},
  volume    = {120},
  pages     = {1457-1484},
  owner     = {ahsan},
  timestamp = {2015.10.01},
}

@Article{armbruster_chaos_94,
  author    = {Dieter Armbruster and Randy Heiland and Kostelich, {Eric J.}},
  title     = {KLTOOL: a tool to analyze spatiotemporal complexity},
  journal   = {Chaos (Woodbury, N.Y.)},
  year      = {1994},
  volume    = {4},
  pages     = {421-424},
  owner     = {ahsan},
  timestamp = {2017.08.15},
}

@Article{bagheri_jfm2013,
  author    = {Shervin Bagheri},
  title     = {Koopman-mode decomposition of the cylinder wake},
  journal   = {Journal of Fluid Mechanics},
  year      = {2013},
  volume    = {726},
  pages     = {596-623},
  owner     = {ahsan},
  timestamp = {2017.07.18},
}

@Article{bailey_jfm_2016,
  Title                    = {The creation and evolution of coherent structures in plant canopy flows and their role inturbulent transport},
  Author                   = {Bailey, Brian N. and Stoll, R.},
  Journal                  = {Journal of Fluid Mechanics},
  Year                     = {2016},
  Pages                    = {425–460},
  Volume                   = {789},
  Publisher                = {Cambridge University Press}
}

@Article{bailey_blm_2013,
  author  = {Bailey, Brian N. and Stoll, Rob},
  title   = {Turbulence in sparse, organized vegetative canopies: a large-eddy simulation study},
  journal = {Boundary-Layer Meteorology},
  year    = {2013},
  volume  = {147},
  number  = {3},
  pages   = {369-400},
}

@Article{bailey_ae_2014,
  Title                    = {Effect of vegetative canopy architecture on vertical transport of massless particles},
  Author                   = {Brian N. Bailey and Rob Stoll and Eric R. Pardyjak and Walter F. Mahaffee},
  Journal                  = {Atmospheric Environment },
  Year                     = {2014},
  Pages                    = {480 - 489},
  Volume                   = {95},
}

@Article{bailey_smits_jfm_2010,
  Title                    = {Experimental investigation of the structure of large- and very-large-scale motions in turbulent pipe flow},
  Author                   = {Bailey, B. N., Sean C. C. and Smith, Alexander J.},
  Journal                  = {Journal of Fluid Mechanics},
  Year                     = {2010},
  Pages                    = {339–356},
  Volume                   = {651},
  Publisher                = {Cambridge University Press},
  Owner                    = {ahsan},
  Timestamp                = {2017.07.18}
}

@Article{balakumar_adrian_ptrs_07,
  author    = {B. J. Balakumar and R. J. Adrian},
  title     = {Large and very-large-scale motions in channel and boundary-layer flows},
  journal   = {Philosophical Transactions of the Royal Society A},
  year      = {2007},
  volume    = {365},
  pages     = {665-681},
  owner     = {ahsan},
  timestamp = {2017.03.14},
}

@Article{baltzer_jfm_13,
  author    = {Baltzer, J. R. and Adrian, R. J. and Wu, Xiaohua},
  title     = {{Structural organization of large and very large scales in turbulent pipe flow simulation}},
  journal   = {Journal of Fluid Mechanics},
  year      = {2013},
  volume    = {720},
  pages     = {236-279},
  owner     = {ahsan},
  timestamp = {2015.12.14},
}

@Manual{rice_wavelet_toolbox,
  Title                    = {The Rice Wavelet Toolbox},
  Author                   = {Richard Baraniuk and Hyeokho Choi and Ramesh Neelamani and Vinay Ribeiro and Justin Romberg and Haitao Guo and Felix Fernandes and Brent Hendricks and Ramesh Gopinath and Markus Lang and Jan Erik Odegard and Dong Wei and Josh Jackson},
  Year                     = {2014},

  Url                      = {http://github.com/ricedsp/rwt}
}

@Article{Bernardini2011,
  author  = {Matteo Bernardini and Sergio Pirozzoli},
  title   = {Inner/outer layer interactions in turbulent boundary layers: a refined measure for the large-scale amplitude modulation mechanism},
  journal = {Physics of Fluids},
  year    = {2011},
  volume  = {23},
  number  = {6},
  pages   = {061701},
}

@Article{bourouiba_straub_jfm11,
  author  = {Bourouiba, L. and Straub, D. N. and Waite, M. L.},
  title   = {{Non-local energy transfers in rotating turbulence at intermediate Rossby number}},
  journal = {Journal of Fluid Mechanics},
  year    = {2011},
  volume  = {690},
  pages   = {1-19},
}

@Article{Bouzeid_pof_2005,
  Title                    = {A scale-dependent Lagrangian dynamic model for large eddy simulation of complex turbulent flows},
  Author                   = {Elie Bou-Zeid and Charles Meneveau and Marc Parlange},
  Journal                  = {Physics of Fluids},
  Year                     = {2005},
  Number                   = {2},
  Pages                    = {025105},
  Volume                   = {17},
  Owner                    = {ahsan},
  Timestamp                = {2018.01.19},
}

@Article{brasseur_pof_94,
  author    = {James G. Brasseur and Chao-Hsuan Wei},
  title     = {Interscale dynamics and local isotropy in high Reynolds number turbulence within triadic interactions},
  journal   = {Physics of Fluids},
  year      = {1994},
  volume    = {6},
  number    = {2},
  pages     = {842-870},
  owner     = {ahsan},
  timestamp = {2017.02.13},
}

@Book{book_burrus_gopi,
  title     = {Introduction to wavelets and wavelet transformations: a primer},
  publisher = {Prentice-Hall Inc.},
  year      = {1997},
  author    = {C. Sidney Burrus and Ramesh A. Gopinath and Haitao Guo},
  edition   = {1st},
  isbn      = {978-0134896007},
  owner     = {ahsan},
  timestamp = {2017.02.06},
}

@Article{carper_porteagel_jot_2004,
  author    = {Matthew A Carper and Fernando Port{\'e}-Agel},
  title     = {The role of coherent structures in subfilter-scale dissipation of turbulence measured in the atmospheric surface layer},
  journal   = {Journal of Turbulence},
  year      = {2004},
  volume    = {5},
  pages     = {N40},
  owner     = {ahsan},
  timestamp = {2017.07.06},
}

@Article{chung_jfm_10_large,
  author    = {Chung, D and McKeon, B. J.},
  title     = {{Large-eddy simulation of large-scale structures in long channel flow}},
  journal   = {Journal of Fluid Mechanics},
  year      = {2010},
  volume    = {661},
  pages     = {341-364},
  owner     = {ahsan},
  timestamp = {2015.12.07},
}

@Article{cuxart_blm_2006,
  author    = {Cuxart, J. and A.A.M., Holtslag and Beare, R.J. and Bazile, E. and Beljaars, A. and Cheng, A. and Conangla, L. and Ek, M. and Freedman, F. and Hamdi, R. and Kerstein, A. and Kitagawa, H. and Lenderink, G. and Lewellen, D. and Mailhot, J. and Mauritsen, T. and Perov, V. and Schayes, G. and Steeneveld, G-J. and Svensson, G. and Taylor, P. and Weng, W. and Wunsch, S. and Xu, K-M.},
  title     = {{Single-column model intercomparison for a stably stratified atmospheric boundary layer}},
  journal   = {Boundary-Layer Meteorology},
  year      = {2006},
  volume    = {118},
  number    = {2},
  pages     = {273–303},
  owner     = {ahsan},
  timestamp = {2015.11.04},
}

@Article{daubechies88,
  author    = {Ingrid Daubechies},
  title     = {Orthonormal bases of compactly supported wavelets},
  journal   = {Communications on Pure and Applied Mathematics},
  year      = {1988},
  volume    = {41},
  number    = {7},
  pages     = {909-996},
  owner     = {ahsan},
  timestamp = {2017.02.10},
}

@Book{davidson_turb_book,
  title     = {Turbulence: an introduction for scientists and engineers},
  publisher = {Oxford University Press},
  year      = {2004},
  author    = {P. A. Davidson},
  edition   = {1},
  isbn      = {978-0198529491},
  owner     = {ahsan},
  timestamp = {2017.05.31},
}

@Book{book_comp_vision_davies,
  title     = {{Computer and machine vision : theory, algorithms, practicalities}},
  publisher = {Elsevier/Academic Press},
  year      = {2012},
  author    = {Davies, E. R.},
  edition   = {4},
  isbn      = {978-0123869081},
  owner     = {ahsan},
  timestamp = {2015.12.02},
}

@Article{delalamo_jimenez_jfm_2004,
  author    = {{del {\'A}lamo}, J.~C. and {Jim{\'e}nez}, J. and {Zandonade}, P. and {Moser}, R.~D.},
  title     = {{Scaling of the energy spectra of turbulent channels}},
  journal   = {Journal of Fluid Mechanics},
  year      = {2004},
  volume    = {500},
  pages     = {135-144},
  owner     = {ahsan},
  timestamp = {2016.04.25},
}

@Article{dennis_nickels_jfm2011,
  author    = {David J. C. Dennis and Timothy B. Nickels},
  title     = {Experimental measurement of large-scale three-dimensional structures in a turbulent boundary layer. Part 2. Long structures},
  journal   = {Journal of Fluid Mechanics},
  year      = {2011},
  volume    = {673},
  pages     = {218-244},
  owner     = {ahsan},
  timestamp = {2017.03.16},
}

@Article{domaradzki_pof_1994,
  author    = {J. Andrzej Domaradzki and Wei LiuCarlos {H{\"a}rtel} and Leonard Kleiser},
  title     = {Energy transfer in numerically simulated wall-bounded turbulent flows},
  journal   = {Physics of Fluids},
  year      = {1994},
  volume    = {6},
  number    = {4},
  pages     = {1583-1599},
  owner     = {ahsan},
  timestamp = {2017.02.13},
}

@Article{dunn_cf2005,
  author    = {\vspace{0mm} David C. Dunn and Jonathan F. Morrison},
  title     = {Analysis of the energy budget in turbulent channel flow using orthogonal wavelets},
  journal   = {Computers and Fluids},
  year      = {2005},
  volume    = {34},
  pages     = {199-224},
  owner     = {ahsan},
  timestamp = {2017.07.13},
}

@Article{dunn_jfm_2003,
  author    = {David C. Dunn and Jonathan F. Morrison},
  title     = {Anisotropy and energy flux in wall turbulence},
  journal   = {Journal of Fluid Mechanics},
  year      = {2003},
  volume    = {491},
  pages     = {353–378},
  owner     = {ahsan},
  publisher = {Cambridge University Press},
  timestamp = {2017.07.13},
}

@Conference{eitel-amor_jp2014,
  Title                    = {Hairpin vortices in turbulent boundary layers},
  Author                   = {G Eitel-Amor and O Flores and and P Schlatter},
  Booktitle                = {Journal of Physics: Conference Series},
  Year                     = {2014},
  Volume                   = {506},

  Owner                    = {ahsan},
  Timestamp                = {2017.06.22}
}

@Article{esau_jot_2002,
  author    = {Esau, Igor N},
  title     = {{The Coriolis effect on the coherent structures in the planetary boundary layers}},
  journal   = {Journal of Turbulence},
  year      = {2003},
  volume    = {4},
  pages     = {N17},
  owner     = {ahsan},
  timestamp = {2015.07.09},
}

@Article{falco_pof_77,
  author    = {R. E. Falco},
  title     = {Coherent motions in the outer region of turbulent boundary layers},
  journal   = {The Physics of Fluids},
  year      = {1977},
  volume    = {20},
  pages     = {S124-S132},
  owner     = {ahsan},
  timestamp = {2017.07.29},
}

@Article{fang2015blm,
  author    = {Fang, Jiannong and {Port\'e-Agel}, Fernando},
  title     = {{Large-eddy simulation of very large-scale motions in the neutrally stratified atmospheric boundary layer}},
  journal   = {Boundary-Layer Meteorology},
  year      = {2015},
  volume    = {155},
  pages     = {397- 416},
  owner     = {ahsan},
  timestamp = {2015.06.02},
}

@Article{farge_schneider_pof99,
  author    = {Farge, Marie and Schneider, Kai and Kevlahan, Nicholas},
  title     = {{Non-Gaussianity and coherent vortex simulation for two dimensional turbulence using an adaptive orthogonal wavelet basis}},
  journal   = {Physics of Fluids},
  year      = {1999},
  volume    = {11},
  pages     = {2187-2201},
  owner     = {ahsan},
  timestamp = {2015.07.14},
}

@Article{Fiedler_PAeroSci_1988,
  author    = {Fiedler, H.E.},
  title     = {{Coherent structures in turbulent flows}},
  journal   = {Progress in Aerospace Sciences},
  year      = {1988},
  volume    = {25},
  number    = {3},
  pages     = {231-269},
  owner     = {ahsan},
  timestamp = {2015.12.03},
}

@Article{ganapathi_jfm_2012_modulation,
  author    = {Ganapathisubramani, B. and Hutchins, N. and Monty, J. P. and Chung, D. and Marusic, I.},
  title     = {{Amplitude and frequency modulation in wall turbulence}},
  journal   = {Journal of Fluid Mechanics},
  year      = {2012},
  volume    = {712},
  pages     = {61-91},
  owner     = {ahsan},
  timestamp = {2015.12.07},
}

@Article{ganapathi_marusic_Jfm2003,
  author    = {Ganapathisubramani, Bharathram and Longmire, Ellen K. and Marusic, Ivan},
  title     = {{Characteristics of vortex packets in turbulent boundary layers}},
  journal   = {Journal of Fluid Mechanics},
  year      = {2003},
  volume    = {478},
  pages     = {35-46},
  owner     = {ahsan},
  timestamp = {2015.06.04},
}

@Book{book-garrat-blm,
  title     = {{The atmospheric boundary layer}},
  publisher = {Cambridge University Press},
  year      = {1994},
  author    = {Garrat, J. R.},
  edition   = {3},
  isbn      = {978-0521467452},
  owner     = {ahsan},
  timestamp = {2015.09.30},
}

@Book{dim_gonzalez,
  title     = {Digital image processing},
  publisher = {Prentice-Hall Inc.},
  year      = {2008},
  author    = {Gonzalez, Rafael C. and Woods, Richard E.},
  edition   = {3rd},
  owner     = {ahsan},
  timestamp = {2015.10.14},
}

@InBook{grotzbach_87,
  Title                    = {{Direct numerical and large eddy simulations of turbulent channel flows}},
  Author                   = {{Gr{\"o}tzbach}, G.},
  Pages                    = {1337--1391},
  Publisher                = {Gulf Publishing},
  Year                     = {1987},

  Owner                    = {ahsan},
  Timestamp                = {2015.07.10}
}

@Article{florimond_mathelin_pof_2015,
  author    = {Florimond {Gu\'eniat} and Lionel Mathelin and Luc R. Pastur},
  title     = {A dynamic mode decomposition approach for large and arbitrarily sampled systems},
  journal   = {Physics of Fluids},
  year      = {2015},
  volume    = {27},
  pages     = {025113},
  owner     = {ahsan},
  timestamp = {2017.08.10},
}

@Article{guala_adrian_jfm2006,
  author    = {Guala, M and Hommema, S. E. and Adrian, R. J.},
  title     = {{Large-scale and very-large-scale motions in turbulent pipe flow}},
  journal   = {Journal of Fluid Mechanics},
  year      = {2006},
  volume    = {554},
  pages     = {521- 542},
  owner     = {ahsan},
  timestamp = {2015.06.04},
}

@Article{Hellstrom_pof_2011,
  author    = {Leo H. O. {Hellström} and Aman Sinha and Alexander J. Smits},
  title     = {Visualizing the very-large-scale motions in turbulent pipe flow},
  journal   = {Physics of Fluids},
  year      = {2011},
  volume    = {23},
  number    = {1},
  pages     = {011703},
  owner     = {ahsan},
  timestamp = {2017.07.25},
}

@Article{hemati_pof_2014,
  author    = {Maziar S. Hemati and Matthew O. Williams and Clarence W. Rowley},
  title     = {Dynamic mode decomposition for large and streaming datasets},
  journal   = {Physics of Fluids},
  year      = {2014},
  volume    = {26},
  pages     = {111701},
  owner     = {ahsan},
  timestamp = {2017.08.10},
}

@Article{hill_jfm2002,
  Title                    = {Exact second-order structure-function relationships},
  Author                   = {Reginald J. Hill},
  Journal                  = {Journal of Fluid Mechanics},
  Year                     = {2002},
  Pages                    = {317-326},
  Volume                   = {468},

  Owner                    = {ahsan},
  Timestamp                = {2017.02.28}
}

@Book{hinze_book_75,
  Title                    = {Turbulence},
  Author                   = {J O Hinze},
  Publisher                = {McGraw-Hill Inc.},
  Year                     = {1975},

  Booktitle                = {Turbulence},
  Chapter                  = {1},
  Owner                    = {ahsan},
  Pages                    = {2-3},
  Timestamp                = {2017.08.04}
}

@Article{hommema_adrian_blm_03,
  Title                    = {Packet structure of surface eddies in the Atmospheric boundary layer},
  Author                   = {Scott E. Hommema and Ronald J. Adrian},
  Journal                  = {Boundary-Layer Meteorology},
  Year                     = {2003},
  Pages                    = {147-170},
  Volume                   = {106},

  Owner                    = {ahsan},
  Timestamp                = {2017.08.01}
}

@Article{hong_katz_meneveau_jfm12,
  author    = {Jiarong Hong and Joseph Katz and Charles Meneveau and Michael P. Schultz},
  title     = {Coherent structures and associated subgrid-scale energy transfer in a rough-wall turbulent channel flow},
  journal   = {Journal of Fluid Mechanics},
  year      = {2012},
  volume    = {712},
  pages     = {92-128},
  owner     = {ahsan},
  timestamp = {2017.02.21},
}

@Article{hossain_pof_94,
  author    = {Murshed Hossain},
  title     = {Reduction in the dimensionality of turbulence due to strong rotation},
  journal   = {Physics of Fluids},
  year      = {1994},
  volume    = {6},
  number    = {3},
  pages     = {1077-1080},
  owner     = {ahsan},
  timestamp = {2017.12.08},
}

@Article{hussain_1986_jfm,
  author    = {Hussain, A. K. M. Fazle},
  title     = {{Coherent structures and turbulence}},
  journal   = {Journal of Fluid Mechanics},
  year      = {1986},
  volume    = {173},
  pages     = {303--356},
  owner     = {ahsan},
  timestamp = {2015.12.03},
}

@Article{hussain_1983_csreality,
  author    = {A. K. M. F. Hussain},
  title     = {Coherent structures-reality and myth},
  journal   = {The Physics of Fluids},
  year      = {1983},
  volume    = {26},
  pages     = {2816-2850},
  owner     = {ahsan},
  timestamp = {2017.06.28},
}

@Article{hutchins_marusic_jfm2007,
  author    = {Hutchins, N. and Marusic, Ivan},
  title     = {{Evidence of very long meandering features in the logarirthmic region of turbulent boundary layers}},
  journal   = {Journal of Fluid Mechanics},
  year      = {2007},
  volume    = {579},
  pages     = {1-28},
  owner     = {ahsan},
  timestamp = {2015.06.04},
}

@Article{Chinthaka_blm_2017,
  author    = {Jacob, Chinthaka and Anderson, William},
  title     = {Conditionally averaged large-scale motions in the neutral atmospheric boundary layer: insights for aeolian processes},
  journal   = {Boundary-Layer Meteorology},
  year      = {2017},
  volume    = {162},
  number    = {1},
  pages     = {21- 41},
  month     = {Jan},
  issn      = {1573-1472},
  owner     = {ahsan},
  timestamp = {2017.11.28},
}

@Article{kerherv_roux_etfs_2017,
  author  = {F. {Kerherv{\'e}} and S. Roux and R. Mathis},
  title   = {Combining time-resolved multi-point and spatially-resolved measurements for the recovering of very-large-scale motions in high Reynolds number turbulent boundary layer},
  journal = {Experimental Thermal and Fluid Science},
  year    = {2017},
  volume  = {82},
  pages   = {102-115},
}

@Article{kim_adrian_pof99,
  author    = {Kim, K. C. and Adrian, R. J.},
  title     = {{Very large-scale motion in the outer layer}},
  journal   = {Physics of Fluids},
  year      = {1999},
  volume    = {11},
  pages     = {417--422},
  doi       = {10.1063/1.869889},
  owner     = {ahsan},
  timestamp = {2015.06.10},
}

@InCollection{kutz_book2013,
  Title                    = {Dynamic Mode Decomposition},
  Author                   = {J. Nathan Kutz},
  Booktitle                = {Data-driven modeling \& scientific computation Methods for Coomplex Systems \& Big Data},
  Publisher                = {Oxford University Press},
  Year                     = {2013},

  Owner                    = {ahsan},
  Timestamp                = {2017.07.20}
}

@Article{kutz_fu_brunton_siam_2016,
  author    = {J. Nathan Kutz and Xing Fu and Steven L. Brunton},
  title     = {Multiresolution dynamic mode decomposition},
  journal   = {SIAM Journal on Applied Dynamical Systems},
  year      = {2016},
  volume    = {15},
  number    = {2},
  pages     = {713–735},
  owner     = {ahsan},
  timestamp = {2017.08.10},
}

@Book{landahl_christensen_book_92,
  title     = {Turbulence and random processes in fluid mechanics},
  publisher = {Cambridge University Press},
  year      = {1992},
  author    = {M. T. Landahl and E. Mollo-Christensen},
  edition   = {2nd},
  isbn      = {978-0521422130},
  owner     = {ahsan},
  timestamp = {2017.03.06},
}

@Article{lee_sung_jfm_14,
  author    = {Lee, Jin and Lee, Jae Hwa and Choi, Jung-II and Sung, Hyung Jin},
  title     = {{Spatial organization of large- and very-large-scale motions in a turbulent channel flow}},
  journal   = {Journal of Fluid Mechanics},
  year      = {2014},
  volume    = {749},
  pages     = {818-840},
  owner     = {ahsan},
  timestamp = {2015.06.09},
}

@Article{Lee_sung_jfm11,
  author    = {Lee, Jae Hwa and Sung, Hyung Jin},
  title     = {{Very-large-scale motions in a turbulent boundary layer}},
  journal   = {Journal of Fluid Mechanics},
  year      = {2011},
  volume    = {673},
  pages     = {80-120},
  owner     = {ahsan},
  timestamp = {2015.06.02},
}

@Article{leonard1975,
  Title                    = {Energy Cascade in Large-Eddy Simulations of Turbulent Fluid Flows},
  Author                   = {A. Leonard},
  Journal                  = {Advances in Geophysics},
  Year                     = {1975},
  Note                     = {Turbulent Diffusion in Environmental Pollution},
  Pages                    = {237 - 248},
  Volume                   = {18},
  ISSN                     = {0065-2687},
  Owner                    = {ahsan},
  Timestamp                = {2017.07.13},
}

@Article{lewalle_flowTurbCom_00,
  author    = {Lewalle, Jacques and Delville,{ Jo{\"e}l} and Bonnet, Jean-Paul},
  title     = {{Decomposition of mixing layer turbulence into coherent structures and background fluctuations}},
  journal   = {Flow, Turbulence and Combustion},
  year      = {2000},
  volume    = {64},
  pages     = {301–328},
  owner     = {ahsan},
  timestamp = {2015.12.03},
}

@Article{li_bouzeid_blm_2011,
  author    = {Li, Dan and Bou-Zeid, Elie},
  title     = {Coherent structures and the dissimilarity of turbulent transport of momentum and scalars in the unstable atmospheric surface layer},
  journal   = {Boundary-Layer Meteorology},
  year      = {2011},
  volume    = {140},
  number    = {2},
  pages     = {243-262},
  month     = {Aug},
  owner     = {ahsan},
  timestamp = {2017.07.18},
}

@Article{liu_ExpF_2015,
  Title                    = {Dynamic mode decomposition of separated flow over a finite blunt plate: time-resolved particle image velocimetry measurements},
  Author                   = {Liu, Yingzheng and Zhang, Qingshan},
  Journal                  = {Experiments in Fluids},
  Year                     = {2015},
  Number                   = {7},
  Pages                    = {148},
  Volume                   = {56},
  Publisher                = {Springer},
  Owner                    = {ahsan},
  Timestamp                = {2017.07.18}
}

@Article{lumely_yaglom_FTC_2001,
  author    = {John L. Lumely and Akiva M. Yaglom},
  title     = {A century of turbulence},
  journal   = {Flow, Turbulence and Combustion},
  year      = {2001},
  volume    = {66},
  pages     = {241-286},
  owner     = {ahsan},
  timestamp = {2017.08.03},
}

@Article{mallat_ieee_1989a,
  author    = {Mallat, Stephen G.},
  title     = {{A theory of multiresolution signal decomposition: the wavelet representation}},
  journal   = {IEEE Transactions on Pattern Analysis and Machine Intelligence},
  year      = {1989},
  volume    = {11},
  number    = {7},
  pages     = {674-693},
  owner     = {ahsan},
  timestamp = {2015.10.14},
}

@Article{masfield_jcomPhy_98,
  author    = {Mansfield, John R. and Kino, Omar M. and Meneveau, Charles},
  title     = {{A dynamic LES scheme for the vorticity transport equation: formulation and a priori tests}},
  journal   = {Journal of Computational Physics},
  year      = {1998},
  volume    = {145},
  pages     = {693--730},
  owner     = {ahsan},
  timestamp = {2015.10.16},
}

@Article{marati_jfm_2004,
  Title                    = {Energy cascade and spatial fluxes in wall turbulence},
  Author                   = {N. Marati and C. M. Casciola and R. Piva},
  Journal                  = {Journal of Fluid Mechanics},
  Year                     = {2004},
  Pages                    = {191-215},
  Volume                   = {521},
  Owner                    = {ahsan},
  Timestamp                = {2017.02.28}
}

@Article{MATHIS2009,
  Title                    = {Large-scale amplitude modulation of the small-scale structures in turbulent boundary layers},
  Author                   = {Mathis, Romain and Hutchins, Nicholas and Marusic, Ivan},
  Journal                  = {Journal of Fluid Mechanics},
  Year                     = {2009},
  Pages                    = {311–337},
  Volume                   = {628},
  Publisher                = {Cambridge University Press},
  Owner                    = {ahsan},
  Timestamp                = {2017.06.07}
}

@Article{meneveau_91jfm,
  Title                    = {{Analysis of turbulence in the orthonormal wavelet representation}},
  Author                   = {Meneveau, Charles},
  Journal                  = {Journal of Fluid Mechanics},
  Year                     = {1991},
  Pages                    = {469--520},
  Volume                   = {232},

  Owner                    = {ahsan}
}

@Article{miller_blm_2013,
  author  = {Miller, Nathan E. and Stoll, Rob},
  title   = {Surface heterogeneity effects on regional-scale fluxes in the stable boundary layer: aerodynamic roughness length transitions},
  journal = {Boundary-Layer Meteorology},
  year    = {2013},
  volume  = {149},
  number  = {2},
  pages   = {277-301},
}

@Article{monin1954basic,
  Title                    = {{Basic laws of turbulent mixing in the surface layer of the atmosphere}},
  Author                   = {Monin, A.S. and Obukhov, A.M.},
  Journal                  = {Contrib. Geophys. Inst. Acad. Sci. USSR},
  Year                     = {1954},
  Pages                    = {163--187},
  Volume                   = {151},

  Owner                    = {ahsan},
  Timestamp                = {2015.07.10}
}

@Article{monty_jfm_07,
  author    = {Monty, J. P. and Stewart, J. A. and Williams, R. C. and Chong, M. S.},
  title     = {{Large-scale features in turbulent pipe and channel flows}},
  journal   = {Journal of Fluid Mechanics},
  year      = {2007},
  volume    = {589},
  pages     = {147-156},
  owner     = {ahsan},
  timestamp = {2015.12.07},
}

@Article{muld_compFluids_2012,
  Title                    = {Flow structures around a high-speed train extracted using Proper Orthogonal Decomposition and Dynamic Mode Decomposition},
  Author                   = {Tomas W. Muld and Gunilla Efraimsson and Dan S. Henningson},
  Journal                  = {Computers \& Fluids},
  Year                     = {2012},
  Pages                    = {87 - 97},
  Volume                   = {57},
  Keywords                 = {Detached Eddy Simulation},
  Owner                    = {ahsan},
  Timestamp                = {2017.07.25},
}

@Article{perry_chng_jfm_86,
  Title                    = {A theoretical and experimental study of wall turbulence},
  Author                   = {A. E. Perry and S. Henbest and M. S. Chong},
  Journal                  = {Journal of Fluid Mechanics},
  Year                     = {1986},
  Pages                    = {163-199},
  Volume                   = {165},

  Owner                    = {ahsan},
  Timestamp                = {2017.07.06}
}

@Article{piomelli_yu_pof_96,
  author    = {Ugo Piomelli and Yunfang Yu},
  title     = {Subgrid-scale energy transfer and near-wall turbulence Structure},
  journal   = {Physics of Fluids},
  year      = {1996},
  volume    = {8},
  number    = {1},
  pages     = {215-224},
  owner     = {ahsan},
  timestamp = {2017.02.21},
}

@Book{book_intro_dimg_proc_pratt,
  title     = {{Introduction to digital image processing}},
  publisher = {CRC Press, Taylor \& Francis Group},
  year      = {2013},
  author    = {Pratt, William K.},
  edition   = {1},
  isbn      = {1482216698},
  owner     = {ahsan},
  timestamp = {2015.12.02},
}

@Article{roussel_jot_2005,
  author    = {Roussel, O. and Schneider, K. SchK. and Farge, M.},
  title     = {{Coherent vortex extraction in 3D homogeneous turbulence: comparison between orthogonal and biorthogonal wavelet decompositions}},
  journal   = {Journal of Turbulence},
  year      = {2005},
  volume    = {6},
  number    = {11},
  pages     = {N11},
  owner     = {ahsan},
  timestamp = {2015.07.14},
}

@Article{rowley2004model,
  author    = {Rowley, Clarence W and Colonius, Tim and Murray, Richard M},
  title     = {Model reduction for compressible flows using POD and Galerkin projection},
  journal   = {Physica D: Nonlinear Phenomena},
  year      = {2004},
  volume    = {189},
  number    = {1},
  pages     = {115-129},
  owner     = {ahsan},
  timestamp = {2017.08.15},
}

@Article{rowley_mezic_schlatter_jfm_2009,
  author    = {Clarence W. Rowley and Igor {Mezi\'{c}} and Shervin Bagheri and Philipp schlatter},
  title     = {Spectral analysis of nonlinear flows},
  journal   = {Journal of Fluid Mechanics},
  year      = {2009},
  volume    = {641},
  pages     = {115-127},
  owner     = {ahsan},
  timestamp = {2017.08.05},
}

@Article{saddoughi1994,
  Title                    = {Local isotropy in turbulent boundary layers at high Reynolds number},
  Author                   = {Saddoughi, Seyed G. and Veeravalli, Srinivas V.},
  Journal                  = {Journal of Fluid Mechanics},
  Year                     = {1994},
  Pages                    = {333–372},
  Volume                   = {268},
  Publisher                = {Cambridge University Press},
  Owner                    = {ahsan},
  Timestamp                = {2017.11.28}
}

@Article{schmid_jfm2010,
  author    = {Peter J. Schmid},
  title     = {Dynamic mode decomposition of numerical and experimental data},
  journal   = {Journal of Fluid Mechanics},
  year      = {2010},
  volume    = {656},
  pages     = {5-28},
  owner     = {ahsan},
  timestamp = {2017.07.20},
}

@Article{Schumann_jcp_75,
  Title                    = {{Subgrid scale model for finite difference simulations of turbulent flows in plane channels and annuli}},
  Author                   = {Schumann, U.},
  Journal                  = {Journal of Computational Physics},
  Year                     = {1975},
  Number                   = {4},
  Pages                    = {376--404},
  Volume                   = {18},
  Owner                    = {ahsan},
  Timestamp                = {2015.07.10}
}

@Article{de_silva_hutchins_jfm_2016,
  author    = {Charitha M. de Silva and Nicholas Hutchins and Ivan Marusic},
  title     = {Uniform momentum zones in turbulent boundary layers},
  journal   = {Journal of Fluid Mechanics},
  year      = {2016},
  volume    = {786},
  pages     = {309-331},
  owner     = {ahsan},
  timestamp = {2017.08.05},
}

@Article{stabile2017advances,
  author    = {Stabile, Giovanni and Hijazi, Saddam and Mola, Andrea and Lorenzi, Stefano and Rozza, Gianluigi},
  title     = {Advances in reduced order modelling for CFD: vortex shedding around a circular cylinder using a POD-Galerkin method},
  journal   = {arXiv preprint arXiv:1701.03424},
  year      = {2017},
  owner     = {ahsan},
  timestamp = {2017.08.15},
}

@Article{stoll_blm_2008,
  author    = {Rob Stoll and Fernando {Port\'e}-Agel},
  title     = {Large-eddy simulation of the stable atmospheric boundary layer using dynamic models with different averaging schemes},
  journal   = {Boundary-Layer Meteorology},
  year      = {2008},
  volume    = {126},
  number    = {1},
  pages     = {1-28},
  publisher = {Springer Netherlands},
}

@Article{stoll_blm_2006,
  author    = {Rob Stoll and Fernando Port{\'e}-Agel},
  title     = {Effect of Roughness on surface boundary conditions for large-eddy simulation},
  journal   = {Boundary-Layer Meteorology},
  year      = {2006},
  volume    = {118},
  pages     = {169-187},
  owner     = {ahsan},
  timestamp = {2015.07.10},
}

@Article{stoll_wrr_2006,
  author    = {Rob Stoll and Fernando Port{\'e}-Agel},
  title     = {Dynamic subgrid-scale models for momentum and scalar fluxes in large-eddy ssimulation of neutrally startified atmospheric boundary layers over heterogeneous terrain},
  journal   = {Water Resources Research},
  year      = {2006},
  volume    = {42},
  number    = {1},
  owner     = {ahsan},
  timestamp = {2015.07.09},
}

@Article{stoll_jas_2009,
  author  = {Rob Stoll and Fernando {Port\'e}-Agel},
  title   = {Surface heterogeneity effects on regional-scale fluxes in stable boundary layers: surface temperature transitions},
  journal = {Journal of the Atmospheric Sciences},
  year    = {2009},
  volume  = {66},
  number  = {2},
  pages   = {412-431},
}

@Article{taira_arxiv_2017,
  author    = {Taira, Kunihiko and Brunton, Steven L. and Dawson, Scott T. M. and Rowley, Clarence W. and Colonius, Tim and McKeon, Beverley J. and Schmidt, Oliver T. and Gordeyev, Stanislav and Theofilis, Vassilios and Ukeiley, Lawrence S.},
  title     = {Modal analysis of fluid flows: an overview},
  journal   = {eprint arXiv:1702.01453},
  year      = {2017},
  owner     = {ahsan},
  timestamp = {2017.07.26},
}

@Article{talluru_jfm_14_modulation,
  author    = {Talluru, K. M. and Baidya, R. and Hutchins, N. and Marusic, I.},
  title     = {{Amplitude modulation of all three velocity components in turbulent boundary layers}},
  journal   = {Journal of Fluid Mechanics},
  year      = {2014},
  volume    = {746},
  pages     = {R1},
  owner     = {ahsan},
  timestamp = {2015.12.07},
}

@Article{traumner_blm_2015,
  author    = {{Tr{\"a}umner}, K. and Damian, Th. and Stawiarski, Ch. and Wieser, A.},
  title     = {{Turbulent structures and coherence in the atmospheric surface layer}},
  journal   = {Boundary-Layer Meteorology},
  year      = {2015},
  volume    = {154},
  pages     = {1-25},
  owner     = {ahsan},
  timestamp = {2015.10.09},
}

@Book{tsinober_book_2001,
  title     = {An informal introduction to turbulence},
  publisher = {Springer},
  year      = {2001},
  author    = {Arkady Tsinober},
  isbn      = {978-1402001666},
  owner     = {ahsan},
  timestamp = {2017.08.04},
}

@PhdThesis{tu_thesis,
  Title                    = {Dynamic mode decomposition: theory and applications},
  Author                   = {Jonathan H. Tu},
  School                   = {Princeton University},
  Year                     = {2013},

  Owner                    = {ahsan},
  Timestamp                = {2017.08.10}
}

@Article{yeung_zhou_pof_98,
  author    = {P. K. Yeung and Ye Zhou},
  title     = {Numerical study of rotating turbulence with external forcing},
  journal   = {Physics of Fluids},
  year      = {1998},
  volume    = {10},
  number    = {11},
  pages     = {2895-2909},
  owner     = {ahsan},
  timestamp = {2017.12.08},
}

@Article{nickels_marusic_jfm_2001,
  author  = {Nickels, T. B. and Marusic, Ivan},
  title   = {On the different contributions of coherent structures to the spectra of a turbulent round jet and a turbulent boundary layer},
  journal = {Journal of Fluid Mechanics},
  year    = {2001},
  volume  = {448},
  pages   = {367–385},
}

@Article{aulie_eyink_pof_2009_1,
  author  = {Eyink,Gregory L. and Aluie,Hussein},
  title   = {Localness of energy cascade in hydrodynamic turbulence. I. Smooth coarse graining},
  journal = {Physics of Fluids},
  year    = {2009},
  volume  = {21},
  pages   = {115107},
}


@Comment{jabref-meta: databaseType:bibtex;}
